<?xml version="1.0" encoding="UTF-8" ?><marc:collection xmlns:marc="http://www.loc.gov/MARC21/slim" xmlns:xsi="http://www.w3.org/2001/XMLSchema-instance" xsi:schemaLocation="http://www.loc.gov/MARC21/slim http://www.loc.gov/standards/marcxml/schema/MARC21slim.xsd">
<marc:record><marc:leader>02859cam a2200397Ii 4500</marc:leader>
<marc:controlfield tag="001">b12303914</marc:controlfield>
<marc:controlfield tag="003">UaCaAUL</marc:controlfield><marc:controlfield tag="005">20170726122650.0</marc:controlfield><marc:controlfield tag="008">990713s1930    iq       b    000 0bara d</marc:controlfield><marc:datafield tag="035" ind1=" " ind2=" "><marc:subfield code="a">(OCoLC)122811833</marc:subfield></marc:datafield><marc:datafield tag="040" ind1=" " ind2=" "><marc:subfield code="a">UaCaAUL</marc:subfield><marc:subfield code="b">eng</marc:subfield><marc:subfield code="c">MEAUC</marc:subfield><marc:subfield code="d">OCLCQ</marc:subfield><marc:subfield code="d">MEAUC</marc:subfield><marc:subfield code="e">rda</marc:subfield></marc:datafield><marc:datafield tag="049" ind1=" " ind2=" "><marc:subfield code="a">MAIN</marc:subfield></marc:datafield><marc:datafield tag="066" ind1=" " ind2=" "><marc:subfield code="c">(3</marc:subfield></marc:datafield><marc:datafield tag="090" ind1=" " ind2=" "><marc:subfield code="a">BP193.S45</marc:subfield><marc:subfield code="b">Z4x 1930</marc:subfield></marc:datafield><marc:datafield tag="100" ind1="1" ind2=" "><marc:subfield code="6">880-01</marc:subfield><marc:subfield code="a">ʻAlawī, Muḥammad Mahdī,</marc:subfield><marc:subfield code="d">1908-</marc:subfield></marc:datafield><marc:datafield tag="245" ind1="1" ind2="0"><marc:subfield code="6">880-02</marc:subfield><marc:subfield code="a">Hibat al-Din̄ al-Shahrastan̄i ̄: </marc:subfield><marc:subfield code="b"> ism kitab̄ unshiʼ khisṣịs̄ạn li-tarjamat mawlan̄a ̄al-Sayyid Hibat al-Din̄ al-shahir̄ bi-al-ʻAllam̄ah al-Shahrstan̄i ̄dam̄at barakat̄uh / </marc:subfield><marc:subfield code="c"> qam̄ bi-taʼlif̄ hadha ̄al-kitab̄ min ashhar kuttab̄ al-ʻArabiȳah fi ̄Ir̄an̄ al-Sayyid Muhạmmad Mahdi ̄al-ʻAlawi ̄; Qam̄ bi-al-tasḥịh̄ ̣wa-al-taʻliq̄ ʻalih̄ al-Adib̄ Hụsayn ibn Has̄him al-Maʻal̄i ̄al-Hụsayni.̄</marc:subfield></marc:datafield><marc:datafield tag="264" ind1=" " ind2="1"><marc:subfield code="6">880-03</marc:subfield><marc:subfield code="a">Baghdād :</marc:subfield><marc:subfield code="b">Maṭbaʻat al-Ādāb,</marc:subfield><marc:subfield code="c">1930.</marc:subfield></marc:datafield><marc:datafield tag="300" ind1=" " ind2=" "><marc:subfield code="a">80 pages ;</marc:subfield><marc:subfield code="c">22 cm.</marc:subfield></marc:datafield><marc:datafield tag="336" ind1=" " ind2=" "><marc:subfield code="a">text</marc:subfield><marc:subfield code="b">txt</marc:subfield><marc:subfield code="2">rdacontent.</marc:subfield></marc:datafield><marc:datafield tag="337" ind1=" " ind2=" "><marc:subfield code="a">unmediated</marc:subfield><marc:subfield code="b">n</marc:subfield><marc:subfield code="2">rdamedia.</marc:subfield></marc:datafield><marc:datafield tag="338" ind1=" " ind2=" "><marc:subfield code="a">volume</marc:subfield><marc:subfield code="b">nc</marc:subfield><marc:subfield code="2">rdacarrier.</marc:subfield></marc:datafield><marc:datafield tag="504" ind1=" " ind2=" "><marc:subfield code="a">Includes bibliographical references.</marc:subfield></marc:datafield><marc:datafield tag="500" ind1=" " ind2=" "><marc:subfield code="6">880-04</marc:subfield><marc:subfield code="a">&quot;Tụbiʻa hadha ̄al-kitab̄ al-jalil̄ baʻd ikhtisạr̄ihi bi-munas̄abat tajah̄ul al-baʻd ̣li-maqam̄ samah̄ạtihi wa-qam̄ bi-al-tasḥịh̄ ̣wa-al-taʻliq̄ ʻalih̄ al-Adib̄ Hụsayn ibn Has̄him al-Maʻal̄i ̄al-Hụsayni ̄sanat 1348 H , 1929 M&quot; -- page 1.</marc:subfield></marc:datafield><marc:datafield tag="600" ind1="1" ind2="0"><marc:subfield code="6">880-05</marc:subfield><marc:subfield code="a">Shahrastan̄i,̄ Hibat al-Din̄ al-Hụsaynī</marc:subfield></marc:datafield><marc:datafield tag="700" ind1="1" ind2=" "><marc:subfield code="6">880-06</marc:subfield><marc:subfield code="a">Ḥusaynī, Ḥusayn ibn Hāshim al-Maʻālī.</marc:subfield></marc:datafield><marc:datafield tag="880" ind1="1" ind2="0"><marc:subfield code="6">245-02/(3/r</marc:subfield><marc:subfield code="a">هبة الدين الشهرستاني : ‪</marc:subfield><marc:subfield code="b"> اسم كتاب انشئ خصيصاً لترجمة مولانا السيد هبة الدين الشهير بالعلامة الشهرستاني دامت بركاته / ‪</marc:subfield><marc:subfield code="c"> قام بتأليف هذا الكتاب من أشهر كتاب العربية في إيران السيد محمد مهدي العلوي ؛ قام بالتصحيح والتعليق عليه الأديب حسين بن هاشم المعالي الحسيني..</marc:subfield></marc:datafield><marc:datafield tag="880" ind1="1" ind2=" "><marc:subfield code="6">100-01/(3/r</marc:subfield><marc:subfield code="a">علوي، محمد مهدي:‪</marc:subfield><marc:subfield code="d"> 1908-</marc:subfield></marc:datafield><marc:datafield tag="880" ind1=" " ind2=" "><marc:subfield code="6">500-04/(3/r</marc:subfield><marc:subfield code="a">&quot;طبع هذا الكتاب الجليل بعد اختصاره بمناسبة تجاهل البعض لمقام سماحته وقام بالتصحيح والتعليق عليه الأديب حسين بن هاشم المعالي الحسيني سنة 1348 هـ : 1929 م&quot;  --  page 1.</marc:subfield></marc:datafield><marc:datafield tag="880" ind1=" " ind2="1"><marc:subfield code="6">264-03/(3/r</marc:subfield><marc:subfield code="a">بغداد :‪</marc:subfield><marc:subfield code="b">مطبعة الآداب،‪</marc:subfield><marc:subfield code="c">1930.</marc:subfield></marc:datafield><marc:datafield tag="880" ind1="1" ind2="0"><marc:subfield code="6">600-05/(3/r</marc:subfield><marc:subfield code="a">شهرستاني: هبة الدين الحسيني.</marc:subfield></marc:datafield><marc:datafield tag="880" ind1="1" ind2=" "><marc:subfield code="6">700-06/(3/r</marc:subfield><marc:subfield code="a">حسيني، حسين بن هاشم المعالي..</marc:subfield></marc:datafield><marc:datafield tag="907" ind1=" " ind2=" "><marc:subfield code="a">.b12303914</marc:subfield><marc:subfield code="b">main </marc:subfield></marc:datafield><marc:datafield tag="902" ind1=" " ind2=" "><marc:subfield code="a">171119</marc:subfield></marc:datafield><marc:datafield tag="998" ind1=" " ind2=" "><marc:subfield code="b">1</marc:subfield><marc:subfield code="c">990718</marc:subfield><marc:subfield code="d">m</marc:subfield><marc:subfield code="e">a</marc:subfield><marc:subfield code="f">-</marc:subfield><marc:subfield code="g">0</marc:subfield><marc:subfield code="k">USA</marc:subfield></marc:datafield><marc:datafield tag="945" ind1=" " ind2=" "><marc:subfield code="l">main </marc:subfield></marc:datafield><marc:datafield tag="945" ind1=" " ind2=" "><marc:subfield code="l">main </marc:subfield></marc:datafield></marc:record>
</marc:collection>
